<?xml version="1.0" encoding="UTF-8"?><record xmlns="http://www.loc.gov/MARC21/slim" xmlns:cinclude="http://apache.org/cocoon/include/1.0" xmlns:zs="http://www.loc.gov/zing/srw/">
  <leader>00627nz  a2200157n  4500</leader>
  <controlfield tag="001">no2013026828</controlfield>
  <controlfield tag="003">DLC</controlfield>
  <controlfield tag="005">20130314095547.0</controlfield>
  <controlfield tag="008">130312n| acannaabn          |a aaa     c</controlfield>
  <datafield tag="010" ind1=" " ind2=" ">
    <subfield code="a">no2013026828</subfield>
  </datafield>
  <datafield tag="035" ind1=" " ind2=" ">
    <subfield code="a">(OCoLC)oca09424157</subfield>
  </datafield>
  <datafield tag="040" ind1=" " ind2=" ">
    <subfield code="a">MdSsNOAA</subfield>
    <subfield code="b">eng</subfield>
    <subfield code="c">MdSsNOAA</subfield>
  </datafield>
  <datafield tag="100" ind1="1" ind2=" ">
    <subfield code="a">Paternostro, Christopher L.</subfield>
    <subfield code="q">(Christopher Lee),</subfield>
    <subfield code="d">1972-</subfield>
  </datafield>
  <datafield tag="400" ind1="1" ind2=" ">
    <subfield code="a">Paternostro, Chris</subfield>
    <subfield code="q">(Christopheri Lee),</subfield>
    <subfield code="d">1972-</subfield>
  </datafield>
  <datafield tag="670" ind1=" " ind2=" ">
    <subfield code="a">Mobile Bay collaborative survey 2010-2011, 2012:</subfield>
    <subfield code="b">t.p. (Christopher L. Paternostro)</subfield>
  </datafield>
  <datafield tag="670" ind1=" " ind2=" ">
    <subfield code="a">OCLC, Mar. 11, 2013:</subfield>
    <subfield code="b">(hdg.: Paternostro, Christopher Lee, 1972-   ; Paernostro, Chris; usage: Christopher Lee Paternostro)</subfield>
  </datafield>
</record>